@article{BowmanBL10,
  author    = {Michael Bowman and
               Lionel C. Briand and
               Yvan Labiche},
  title     = {Solving the Class Responsibility Assignment Problem in Object-Oriented
               Analysis with Multi-Objective Genetic Algorithms},
  journal   = {{IEEE} Trans. Software Eng.},
  volume    = {36},
  number    = {6},
  pages     = {817--837},
  year      = {2010},
  url       = {http://dx.doi.org/10.1109/TSE.2010.70},
  doi       = {10.1109/TSE.2010.70},
  timestamp = {Thu, 10 Dec 2015 11:33:01 +0100},
  biburl    = {http://dblp2.uni-trier.de/rec/bib/journals/tse/BowmanBL10},
  bibsource = {dblp computer science bibliography, http://dblp.org}
}


@misc{XPTUeJavaAtlvdi,
  title={{Online demo: XP-TUe\_JavaAtl.vdi}},
  author={Leif Arne R. Johnsen},
  howpublished={\url{http://is.ieis.tue.nl/staff/pvgorp/share/?page=ConfigureNewSession\&vdi=XP-TUe_JavaAtl.vdi}},
  year=2016
}


@misc{Annealing,
  title={{Simmulated Annealing}},
  author={Katrina Ellison Geltman},
  howpublished={\url{http://katrinaeg.com/simulated-annealing.html}},
  year=2016
}


@misc{MOMoT,
  title={{Solution using MOMoT}},
  author={Martin Fleck},
  howpublished={\url{https://github.com/martin-fleck/cra-ttc2016/blob/master/MOMoT_solution/TTC2016_CRA_MOMoT.pdf}},
  year=2016
}


@misc{EMFTVM,
  title={{EMFTVM Online Documentation}},
  author={Dennis Wagelaar},
  howpublished={\url{https://wiki.eclipse.org/ATL/EMFTVM}},
  year=2016
}


@misc{ATL,
  title={{ATL User Guide}},
  author={The Eclipse Foundation},
  howpublished={\url{http://wiki.eclipse.org/ATL/User_Guide_-_The_ATL_Language}},
  year=2016
}

