@ARTICLE{Bowman2010, 
author={M. Bowman and L. C. Briand and Y. Labiche}, 
journal={IEEE Transactions on Software Engineering}, 
title={Solving the Class Responsibility Assignment Problem in Object-Oriented Analysis with Multi-Objective Genetic Algorithms}, 
year={2010}, 
volume={36}, 
number={6}, 
pages={817-837}, 
keywords={decision making;genetic algorithms;object-oriented methods;class coupling;class diagram;class responsibility assignment problem;cohesion measurement;decision making support;domain class model;hill climbing;multiobjective genetic algorithm;object-oriented analysis;object-oriented design;object-oriented domain model;single-objective genetic algorithm;Algorithm design and analysis;Context modeling;Decision making;Genetic algorithms;Genetic engineering;Humans;Laboratories;Object oriented modeling;Software quality;Unified modeling language;Object-oriented analysis and design;UML;class responsibility assignment;genetic algorithm.}, 
doi={10.1109/TSE.2010.70}, 
ISSN={0098-5589}, 
month={Nov},}


